<record xmlns="http://www.loc.gov/MARC21/slim" xmlns:xsi="http://www.w3.org/2001/XMLSchema-instance" xsi:schemaLocation="http://www.loc.gov/MARC21/slim http://www.loc.gov/standards/marcxml/schema/MARC21slim.xsd"><leader>00992cz   2200229n  4500</leader><controlfield tag="001">oca01924417 </controlfield><controlfield tag="005">20010607150615.0</controlfield><controlfield tag="008">870824n| acannaab           |a aaa     c</controlfield><datafield ind1=" " ind2=" " tag="010"><subfield code="a">n  87911061 </subfield></datafield><datafield ind1=" " ind2=" " tag="040"><subfield code="a">Uk/ESTC-NA</subfield><subfield code="c">DLC</subfield><subfield code="d">MiU</subfield><subfield code="d">InU</subfield><subfield code="d">DLC</subfield></datafield><datafield ind1="0" ind2=" " tag="100"><subfield code="a">Eustathius,</subfield><subfield code="c">Macrembolites,</subfield><subfield code="d">12th cent.</subfield></datafield><datafield ind1="1" ind2=" " tag="400"><subfield code="a">Macrembolites, Eustathius,</subfield><subfield code="d">12th cent.</subfield></datafield><datafield ind1="0" ind2=" " tag="400"><subfield code="a">Eustathios,</subfield><subfield code="c">Makrembolites,</subfield><subfield code="d">12th cent.</subfield></datafield><datafield ind1="1" ind2=" " tag="400"><subfield code="a">Makrembolites, Eustathios,</subfield><subfield code="d">12th cent.</subfield></datafield><datafield ind1="0" ind2=" " tag="400"><subfield code="a">Eustazio,</subfield><subfield code="c">Macrembolita,</subfield><subfield code="d">12th cent.</subfield></datafield><datafield ind1="0" ind2=" " tag="400"><subfield code="a">Eumathios,</subfield><subfield code="c">Makrembolites,</subfield><subfield code="d">12th cent.</subfield></datafield><datafield ind1="1" ind2=" " tag="400"><subfield code="a">Makrembolites, Eumathios,</subfield><subfield code="d">12th cent.</subfield></datafield><datafield ind1=" " ind2=" " tag="667"><subfield code="a">Data provided by the ESTC/BL</subfield></datafield><datafield ind1=" " ind2=" " tag="670"><subfield code="a">His Les amours d'Ismene et d'IsmeÌ&#x81;nias, 1783</subfield><subfield code="b">(name not given)</subfield></datafield><datafield ind1=" " ind2=" " tag="670"><subfield code="a">His Hysmine und Hysminias, 1989:</subfield><subfield code="b">t.p. (Eustathios Makrembolites)</subfield></datafield><datafield ind1=" " ind2=" " tag="670"><subfield code="a">Il Romanzo bizantino del XII secolo, 1994:</subfield><subfield code="b">t.p. (Eustazio Macrembolita)</subfield></datafield><datafield ind1=" " ind2=" " tag="670"><subfield code="a">Nilsson, I.  Erotic pathos, rhetorical pleasure, 2001:</subfield><subfield code="b">t.p. (Eumathios Makrembolites)</subfield></datafield></record>